@article{samuels2001value,
  title={The value of a vote: malapportionment in comparative perspective},
  author={Samuels, David and Snyder, Richard},
  journal={British Journal of Political Science},
  pages={651--671},
  year={2001},
  publisher={JSTOR}
}

@article{snyder2001devaluing,
  title={Devaluing the vote in Latin America},
  author={Snyder, Richard and Samuels, David},
  journal={Journal of Democracy},
  volume={12},
  number={1},
  pages={146--159},
  year={2001},
  publisher={Johns Hopkins University Press}
}

@book{poole2011ideology,
  title={Ideology and congress},
  author={Poole, Keith T and Rosenthal, Howard L},
  volume={1},
  year={2011},
  publisher={Transaction Publishers}
}

@book{dahl1973polyarchy,
  title={Polyarchy: Participation and opposition},
  author={Dahl, Robert Alan},
  year={1973},
  publisher={Yale University Press}
}

@techreport{turgeon2014desproporcionalidade,
  title={Desproporcionalidade da representa{\c{c}}{\~a}o dos estados no Congresso Nacional e seus efeitos na aloca{\c{c}}{\~a}o dos recursos federais},
  author={Turgeon, Mathieu and Cavalcante, Pedro},
  year={2014},
  institution={Texto para Discuss{\~a}o}
}

@article{ardanaz2013inequality,
  title={Inequality and personal income taxation: The origins and effects of legislative malapportionment},
  author={Ardanaz, Martin and Scartascini, Carlos},
  journal={Comparative Political Studies},
  volume={46},
  number={12},
  pages={1636--1663},
  year={2013},
  publisher={SAGE Publications Sage CA: Los Angeles, CA}
}

@article{santano2014sistema,
  title={El sistema electoral proporcional brasile{\~n}o y sus distorsiones en la representaci{\'o}n de los ciudadanos},
  author={Santano, Ana Claudia and Salgado, Eneida Desiree},
  journal={Perspectivas Internacionales},
  volume={9},
  number={2},
  year={2014}
}

@article{horiuchi2004malapportionment,
  title={Malapportionment and income inequality: A cross-national analysis},
  author={Horiuchi, Yusaku},
  journal={British Journal of Political Science},
  volume={34},
  number={1},
  pages={179--183},
  year={2004},
  publisher={JSTOR}
}

@article{carey2016malapportionment,
  title={Malapportionment and ideological bias in Chilean electoral districts},
  author={Carey, John M},
  journal={Latin American Politics and Society},
  volume={58},
  number={3},
  pages={123--133},
  year={2016},
  publisher={Wiley Online Library}
}

@book{bruhn2010legislative,
  title={Legislative malapportionment and institutional persistence},
  author={Bruhn, Miriam and Gallego, Francisco and Onorato, Massimiliano},
  year={2010},
  publisher={The World Bank}
}

@article{carsey2015can,
  title={Can you repeat that please?: Using Monte Carlo simulation in graduate quantitative research methods classes},
  author={Carsey, Thomas M and Harden, Jeffrey J},
  journal={Journal of Political Science Education},
  volume={11},
  number={1},
  pages={94--107},
  year={2015},
  publisher={Taylor \& Francis}
}

@article{mignozzetti2011faz,
  title={Faz alguma diferen{\c{c}}a corrigir as distor{\c{c}}{\~o}es de representa{\c{c}}{\~a}o no Brasil},
  author={Mignozzetti, Umberto Guarnier and BERNABEL, Rodolpho and GALDINO, Manoel},
  journal={Um estudo sobre a intera{\c{c}}{\~a}o entre a arena eleitoral e a arena legislativa no {\^a}mbito federal. In: Cadernos Adenauer XII},
  number={2},
  year={2011}
}

@article{mccarty2016defense,
  title={In defense of DW-nominate},
  author={McCarty, Nolan},
  journal={Studies in American Political Development},
  volume={30},
  number={2},
  pages={172--184},
  year={2016},
  publisher={Cambridge University Press}
}

@article{carroll2013structure,
  title={The structure of utility in spatial models of voting},
  author={Carroll, Royce and Lewis, Jeffrey B and Lo, James and Poole, Keith T and Rosenthal, Howard},
  journal={American Journal of Political Science},
  volume={57},
  number={4},
  pages={1008--1028},
  year={2013},
  publisher={Wiley Online Library}
}

@article{johnson2011monte,
  title={Monte Carlo analysis in academic research},
  author={Johnson, Paul E},
  year={2011},
  journal={Oxford Handbook of Quantitative Methods in Psychology},
  volume={1}
}

@article{brancati2008origins,
  title={The origins and strengths of regional parties},
  author={Brancati, Dawn},
  journal={British journal of political science},
  volume={38},
  number={1},
  pages={135--159},
  year={2008},
  publisher={Cambridge University Press}
}

@article{mustapic2002argentina,
  title={Argentina: la crisis de representaci{\'o}n y los partidos pol{\'\i}ticos},
  author={Mustapic, Ana Mar{\'\i}a and others},
  year={2002},
  publisher={Ediciones Universidad de Salamanca (Espa{\~n}a)}
}

@article{cavalcante2015desproporcionalidade,
  title={Desproporcionalidade da representa{\c{c}}{\~a}o na c{\^a}mara dos deputados: an{\'a}lise dos efeitos sobre o sistema partid{\'a}rio no Brasil},
  author={Cavalcante, Pedro and Turgeon, Mathieu},
  year={2015},
  publisher={Instituto de Pesquisa Econ{\^o}mica Aplicada (Ipea)}
}

@article{nicolau1997distorccoes,
  title={As distor{\c{c}}{\~o}es na representa{\c{c}}{\~a}o dos estados na C{\^a}mara dos Deputados brasileira},
  author={Nicolau, Jairo Marconi},
  journal={Dados},
  volume={40},
  number={3},
  year={1997},
  publisher={SciELO Brasil}
}

@article{bunker2010explicando,
  title={Explicando la desproporcionalidad en Am{\'e}rica Latina: magnitud de distrito, malapportionment y fragmentaci{\'o}n partidaria},
  author={Bunker, Kenneth and Navia, Patricio},
  journal={Revista Espa{\~n}ola de Ciencia Pol{\'\i}tica},
  volume={23},
  pages={81--110},
  year={2010}
}

@book{rae1967political,
  title={The political consequences of electoral laws},
  author={Rae, Douglas W},
  year={1967},
  publisher={New Haven: Yale University Press}
}

@article{loosemore1971theoretical,
  title={The theoretical limits of maximum distortion: Some analytic expressions for electoral systems},
  author={Loosemore, John and Hanby, Victor J},
  journal={British Journal of Political Science},
  volume={1},
  number={4},
  pages={467--477},
  year={1971},
  publisher={JSTOR}
}

@article{gallagher1991proportionality,
  title={Proportionality, disproportionality and electoral system},
  author={Gallagher, Michael},
  journal={Electoral studies},
  volume={10},
  number={1},
  pages={33--51},
  year={1991}
}

@article{lijphart1968consociational,
  title={Consociational democracy},
  author={Lijphart, Arend},
  journal={World Pol.},
  volume={21},
  pages={207},
  year={1968},
  publisher={HeinOnline}
}

@article{leongomez2006giants,
  title={Giants with feet of clay: Political parties in Colombia},
  author={Leong{\'o}mez, Eduardo Pizarro and Mainwaring, Scott},
  journal={The crisis of democratic representation in the Andes},
  pages={78},
  year={2006},
  publisher={Stanford University Press Stanford, CA}
}

@article{cheibub2020preference,
  title={Preference vote and intra-party competition in open list PR systems},
  author={Cheibub, Jos{\'e} Antonio and Sin, Gisela},
  journal={Journal of Theoretical Politics},
  volume={32},
  number={1},
  pages={70--95},
  year={2020},
  publisher={SAGE Publications Sage UK: London, England}
}

@book{ames2002deadlock,
  title={The deadlock of democracy in Brazil},
  author={Ames, Barry},
  year={2002},
  publisher={University of Michigan Press}
}

@article{gibson2010federalized,
  title={Federalized party systems and subnational party competition: Theory and an empirical application to Argentina},
  author={Gibson, Edward L and Su{\'a}rez-Cao, Julieta},
  journal={Comparative Politics},
  volume={43},
  number={1},
  pages={21--39},
  year={2010},
  publisher={City University of New York}
}

@article{mershon2020challenging,
  title={Challenging the wisdom on preferential proportional representation},
  author={Mershon, Carol},
  journal={Journal of Theoretical Politics},
  volume={32},
  number={1},
  pages={168--182},
  year={2020},
  publisher={SAGE Publications Sage UK: London, England}
}

@article{figueiredo2000presidential,
  title={Presidential power, legislative organization, and party behavior in Brazil},
  author={Figueiredo, Argelina Cheibub and Limongi, Fernando},
  journal={Comparative Politics},
  pages={151--170},
  year={2000},
  publisher={JSTOR}
}

@article{bejarano2001que,
  title={?` Qu{\'e} hace funcionar al Congreso? Una aproximaci{\'o}n inicial a las fallas y los aciertos de la instituci{\'o}n legislativa},
  author={Bejarano, Ana Mar{\'\i}a and Robledo, Laura Zambrano and Jaramillo, Felipe Botero and Otero, Laura Wills and Quiroz, Francisco Jos{\'e}},
  journal={Estudios Ocasionales},
  year={2001}
}

@article{desposato2006impact,
  title={The impact of electoral rules on legislative parties: Lessons from the Brazilian Senate and Chamber of Deputies},
  author={Desposato, Scott W},
  journal={The Journal of Politics},
  volume={68},
  number={4},
  pages={1018--1030},
  year={2006},
  publisher={Cambridge University Press New York, USA}
}

@book{kirkland2018roll,
  title={Roll call rebels: strategic dissent in the United States and United Kingdom},
  author={Kirkland, Justin H and Slapin, Jonathan B},
  year={2018},
  publisher={Cambridge University Press}
}

@article{ceron2015brave,
  title={Brave rebels stay home: Assessing the effect of intra-party ideological heterogeneity and party whip on roll-call votes},
  author={Ceron, Andrea},
  journal={Party Politics},
  volume={21},
  number={2},
  pages={246--258},
  year={2015},
  publisher={Sage Publications Sage UK: London, England}
}

@article{alptekin2020effect,
  title={The Effect of Legislature Size on Public Spending: A Meta-Analysis},
  author={Alptekin, Huzeyfe and Freire, Danilo and Mignozzetti, Umberto and Roman, Catarina},
  year={2020},
  publisher={SocArXiv}
}

@book{de2003democracy,
  title={Democracy in america},
  author={De Tocqueville, Alexis},
  volume={10},
  year={2003},
  publisher={Regnery Publishing}
}

@article{persson2003electoral,
  title={Electoral rules and corruption},
  author={Persson, Torsten and Tabellini, Guido and Trebbi, Francesco},
  journal={journal of the European Economic Association},
  volume={1},
  number={4},
  pages={958--989},
  year={2003},
  publisher={Oxford University Press}
}

@article{carey2011electoral,
  title={The electoral sweet spot: Low-magnitude proportional electoral systems},
  author={Carey, John M and Hix, Simon},
  journal={American Journal of Political Science},
  volume={55},
  number={2},
  pages={383--397},
  year={2011},
  publisher={Wiley Online Library}
}

@article{lizzeri2001provision,
  title={The provision of public goods under alternative electoral incentives},
  author={Lizzeri, Alessandro and Persico, Nicola},
  journal={American Economic Review},
  volume={91},
  number={1},
  pages={225--239},
  year={2001}
}


@article{myerson1993incentives,
  title={Incentives to cultivate favored minorities under alternative electoral systems},
  author={Myerson, Roger B},
  journal={American Political Science Review},
  pages={856--869},
  year={1993},
  publisher={JSTOR}
}

@article{pierzgalski2018balancing,
  title={Balancing disproportionality and parliament fragmentation: A simulation study of the mechanical effects of district magnitude on electoral outcomes},
  author={Pierzgalski, Micha{\l}},
  journal={Electoral Studies},
  volume={54},
  pages={205--217},
  year={2018},
  publisher={Elsevier}
}

@article{interparliamentary2018congresso,
title={Segundo mais caro do mundo, Congresso brasileiro tem parlamentares demais?},
author={BBC-Brasil},
publisher={Nathalia Passarinho},
year={2018},
month={Dec 7th},
address={London},
institution={United Nations and the Interparliamentary Union},
url={https://www.bbc.com/portuguese/brasil-46427803}
}


@misc{decadavotada,
title= {{Decada Votada Diputados' roll call vote databases}},
author={{DecadaVotada Application}},
year= {{2020}},
url={http://www.decadavotada.com.ar}
}

@misc{elecarg,
title={Resultados Electorales y Estadíticas},
author={{Ministerio del Interior}},
year={2020},
url={https://www.argentina.gob.ar/interior/dine/resultadosyestadisticas/2007#2}
}

@misc{cebrap,
title={CEBRAP roll call vote databases},
author = {{The Brazilian Center of Research and Planning} {CEBRAP}},
year={2020},
url={http://cebrap.org.br/en/home-en/}
}

@misc{elecbra,
title={National Electoral Data Repository},
author={{Superior Court of Electoral Justice}},
year={2020},
url={https://www.tse.jus.br/eleicoes/estatisticas/repositorio-de-dados-eleitorais-1/repositorio-de-dados-eleitorais}
}

@misc{congresovisible,
title={Congreso Visible roll call vote database},
author={Congreso Visible {Uniandes}},
year={2020},
url={https://congresovisible.uniandes.edu.co/votaciones/}
}

@misc{eleccol,
title={Congreso electoral result database},
author={{Registraduría Nacional}},
year={2020},
url={https://www.registraduria.gov.co/-Congreso,3637-.html}
}

@article{mignozzetti2019legislature,
  title={Legislature size and welfare: evidence from Brazil},
  author={Mignozzetti, Umberto G and Cepaluni, Gabriel},
  year={2019}
}